<record><leader>00000cas a2200000 a 4500</leader><controlfield tag="001">25702460</controlfield><controlfield tag="008">920424d18671870iluwr ne      0    0eng c</controlfield><datafield ind1=" " ind2=" " tag="010"><subfield code="a">sn 92056710 </subfield></datafield><datafield ind1=" " ind2=" " tag="040"><subfield code="a">MGN</subfield><subfield code="b">eng</subfield><subfield code="c">MGN</subfield><subfield code="d">ATL</subfield><subfield code="d">OCLCQ</subfield><subfield code="d">OCLCF</subfield><subfield code="d">OCLCO</subfield></datafield><datafield ind1="1" ind2=" " tag="029"><subfield code="a">AU@</subfield><subfield code="b">000024725186</subfield></datafield><datafield ind1=" " ind2=" " tag="042"><subfield code="a">pcc</subfield></datafield><datafield ind1=" " ind2="4" tag="050"><subfield code="a">BX6370</subfield></datafield><datafield ind1="0" ind2=" " tag="130"><subfield code="a">Christian freeman (Chicago, Ill.)</subfield></datafield><datafield ind1="1" ind2="4" tag="245"><subfield code="a">The Christian freeman.</subfield></datafield><datafield ind1=" " ind2=" " tag="260"><subfield code="a">Chicago [Ill.] :</subfield><subfield code="b">Western Freewill Baptist Pub. Association,</subfield><subfield code="c">[1867-1870]</subfield></datafield><datafield ind1=" " ind2=" " tag="300"><subfield code="a">4 v.</subfield></datafield><datafield ind1=" " ind2=" " tag="310"><subfield code="a">Weekly</subfield></datafield><datafield ind1="0" ind2=" " tag="362"><subfield code="a">Vol. 1, no. 1 (Apr. 4, 1867)-v. 4, no. 52 (Dec. 28, 1870).</subfield></datafield><datafield ind1=" " ind2=" " tag="515"><subfield code="a">No issues published Oct. 28, 1869 and Nov. 23, 1870; v. 4, no. 51 omitted in numbering.</subfield></datafield><datafield ind1=" " ind2=" " tag="530"><subfield code="a">Also issued on microfilm by American Theological Library Association.</subfield></datafield><datafield ind1=" " ind2=" " tag="550"><subfield code="a">Published: Western Freewill Baptist Publishing Association, 1867;Western Free Baptist Publishing Association, 1868-Mar. 23, 1870; Western Freewill Baptist Printing Establishment, Mar. 30-Dec. 28, 1870.</subfield></datafield><datafield ind1="2" ind2="0" tag="610"><subfield code="a">Free Will Baptists (1780?-1911)</subfield><subfield code="v">Newspapers.</subfield></datafield><datafield ind1=" " ind2="0" tag="650"><subfield code="a">Baptists</subfield><subfield code="v">Newspapers.</subfield></datafield><datafield ind1=" " ind2="7" tag="655"><subfield code="a">Newspapers.</subfield><subfield code="2">fast</subfield><subfield code="0">(OCoLC)fst01423814</subfield></datafield><datafield ind1="2" ind2="7" tag="610"><subfield code="a">Free Will Baptists (1780?-1911)</subfield><subfield code="2">fast</subfield><subfield code="0">(OCoLC)fst00560173</subfield></datafield><datafield ind1=" " ind2="7" tag="650"><subfield code="a">Baptists.</subfield><subfield code="2">fast</subfield><subfield code="0">(OCoLC)fst00827285</subfield></datafield><datafield ind1="2" ind2=" " tag="710"><subfield code="a">Western Freewill Baptist Publishing Association.</subfield></datafield><datafield ind1="2" ind2=" " tag="710"><subfield code="a">Western Freewill Baptist Printing Establishment.</subfield></datafield><datafield ind1=" " ind2=" " tag="752"><subfield code="a">United States</subfield><subfield code="b">Illinois</subfield><subfield code="c">Cook</subfield><subfield code="d">Chicago.</subfield></datafield><datafield ind1="1" ind2=" " tag="776"><subfield code="c">Microfilm</subfield><subfield code="d">American Theological Library Association</subfield><subfield code="w">(DLC)sn 97016156</subfield><subfield code="w">(OCoLC)37664341</subfield></datafield><datafield ind1="0" ind2="0" tag="785"><subfield code="a">Baptist union</subfield></datafield></record>